<?xml version="1.0" encoding="UTF-8"?><collection><record><leader>09393ntm a2200601 a 4500</leader><controlfield tag="001">006795353</controlfield><controlfield tag="003">MiAaHDL</controlfield><controlfield tag="005">20190719000000.0</controlfield><controlfield tag="006">m        d        </controlfield><controlfield tag="007">cr bn ---auaua</controlfield><controlfield tag="008">090520s1876    xx            00| ||ara d</controlfield><datafield tag="035" ind1=" " ind2=" "><subfield code="a">(MiU)006795353</subfield></datafield><datafield tag="035" ind1=" " ind2=" "><subfield code="a">sdr-miu006795353</subfield></datafield><datafield tag="040" ind1=" " ind2=" "><subfield code="a">MiU</subfield><subfield code="c">MiU</subfield><subfield code="e">amremm</subfield></datafield><datafield tag="043" ind1=" " ind2=" "><subfield code="a">n-us-mi</subfield></datafield><datafield tag="100" ind1="1" ind2=" "><subfield code="6">880-01</subfield><subfield code="a">Qazwīnī, ʻAlī ibn ʻUmar,</subfield><subfield code="d">1203 or 1204-1276 or 1277.</subfield></datafield><datafield tag="245" ind1="1" ind2="3"><subfield code="6">880-02</subfield><subfield code="a">[al-Risālah al-shamsīyah fī qawāʻid al-manṭiqīyah maʻa sharḥihā,</subfield><subfield code="f">1293, i.e. 1876].</subfield></datafield><datafield tag="260" ind1=" " ind2=" "><subfield code="c">[1876].</subfield></datafield><datafield tag="300" ind1=" " ind2=" "><subfield code="a">32 leaves :</subfield><subfield code="b">paper ;</subfield><subfield code="c">230 x 135 (139 x 67) mm. bound to 235 x 140 mm.</subfield></datafield><datafield tag="500" ind1=" " ind2=" "><subfield code="a">Shelfmark: Ann Arbor, University of Michigan, Special Collections Library, Isl. Ms. 217</subfield></datafield><datafield tag="500" ind1=" " ind2=" "><subfield code="a">Origin: As appears in colophon on fol.33b-34a, copied, vocalized, and glossed by Mehmet Nuri, known as Niyazi [?], son of İbrahim known as Etham el-Vehbî Efendi. Transcription finished "wa-qad waqaʻa al-farāgh min tabyīḍihā..." in the first tenth [العشر الاول] of Ramaḍān 1293 [September 1876].</subfield></datafield><datafield tag="500" ind1=" " ind2=" "><subfield code="a">Binding: Pasteboards covered in black leather ; Type III binding (without flap) with Western elements ; pastedowns and flyleaves in shell marbled paper (lavender, blue, red, yellow, and white) ; upper and lower covers bear gold-stamped central panel (oval surrounded by floral vegetal band), floral cornerpieces, and border in architectural design with floral accents ; gold-stamped floral vegetal decoration in bands on spine ; sewn in heavy cream thread, four stations (in lieu of primaries) ; no endbands ; in good condition with minor abrasion, staining, etc.</subfield></datafield><datafield tag="500" ind1=" " ind2=" "><subfield code="a">Support: non-European laid paper ; laid lines running vertically, fairly distinct but with some curving and sagging, spaced roughly 12 laid lines per cm. ; chain lines faintly visible, but quite indistinct ; quite crisp ; fairly translucent ; some inclusions and undissolved fibers visible ; well-burnished ; surfaced tinted to a rosy pink.</subfield></datafield><datafield tag="500" ind1=" " ind2=" "><subfield code="a">Decoration: Illuminated headpiece (ʻunwān) on fol.1b (p.2) consisting of rectangular panel dominated by floral decoration in pinks, greens, red and gold consisting of a central bouquet, encircled by flowers and flanked by swirling leaves and blossoms all on a field of stippled gold ; the piece is bordered by a well in white with red cross pattern ; illuminated headpiece on fol.33b (p.66) consisting of rectangular piece with empty gold cartouche flanked by intertwining floral vegetal decoration (evoking 'arabesque') in gold, white, blue, and red on fields of blue ; piece is surrounded by bands of gold flanking band of white with blue cross pattern ; illuminated headpiece on fol.34a (p.67) consisting of rectangular panel with empty gold cartouche flanked by floral vegetal design in stippled gold on fields of red ; piece is surrounded by bands of gold flanking band of white with blue cross pattern ; frame consisting of a series of gilt bands of varying thickness ; bordering the margin a gilt band outlined by black fillets ; textual dividers in the form of rosettes bordered by three dots (in gold, white and red), large floral pieces in gold, white, and red ; small diagram (a circle divded to quarters) pertaining to a discussion of lunar quarters, etc. in margin of fol.14a (p.27) ; text rubricated with abbreviations and numerals corresponding to gloss, etc. in red.</subfield></datafield><datafield tag="500" ind1=" " ind2=" "><subfield code="a">Script: Two distinct hands, one for the matn and one for the sharḥ, though apparently supplied by the same copyist ; matn supplied in a naskh, splendid Ottoman hand, seriffed with right-sloping head serif on all shafts apart from free-standing alif, slight effect of tilt to the left, kāf mabsūṭah preferred, fully vocalized ; sharḥ (marginal and interlinear) supplied in a a naskh/nastaʻlīq, with letterforms characteristic of nastaʻlīq, very slight effect of slant to right and words gently descending to baseline, mainly closed counters, pointed to convention and not vocalized.</subfield></datafield><datafield tag="500" ind1=" " ind2=" "><subfield code="a">Layout: Written in 13 lines per page ; frame-ruled (impression of ruling board clearly evident, particularly in margin).</subfield></datafield><datafield tag="500" ind1=" " ind2=" "><subfield code="a">Collation: iii, 3 V(30), III(36), iii ; chiefly quinions ; final leaf left blank ; catchwords present ; pagination in pencil, Western numerals supplied during cataloguing.</subfield></datafield><datafield tag="500" ind1=" " ind2=" "><subfield code="a">Colophon: "Scribal," rectangular, reads: "كتبه وشرحه ولكون الاعراب زينة للخط جعله معربا السيد محمد نورى الصوفيه وى المعروف بنيازى [؟] مأذونا من ابيه المرحوم ابراهيم المشهور بادهم الوهبى افندى استأثره الله تعالى بالرحمة والغفران واسكنه الله تعالى في اعلى غرف الجنان وقد وقع الفراغ من تبييضها في العشر الاول من شهر رمضان المبارك لسنة ثلث وتسعين ومأتين والف من هجرة من يرى من قدام وخلف"</subfield></datafield><datafield tag="500" ind1=" " ind2=" "><subfield code="a">Explicit: [al-Risālah al-shamsīyah] "كقولنا كل مثلث فان زواياه مثل مساوية لقائمتين واما محمولاتها فخارجة عن موضوعاتها لامتناع ان يكون جزء الشيء مطلوبا ثبوته بالبرهان" [Sharḥ al-Risālah al-shamsīyah] "فالمثلث الموصوف نوع من المثلث قد تم هذا مع ما بين سطور المتن في العشر الاول من شهر رمضان المبارك لسنة ثلث وتسعين ومائتين والف من هجرة من له العز والشرف"</subfield></datafield><datafield tag="500" ind1=" " ind2=" "><subfield code="a">Incipit: [al-Risālah al-shamsīyah] "الحمد لله الذي ابدع نظام الوجود واخترع ماهيات الاشياء بمقتضى الجود وانشأ بقدرته انواع الجواهر العقلية وافاض برحمته حركات الاجرام الفلكية ... وبعد فهذا كتاب في المنطق سميته بالرسالة الشمسية في القواعد المنطقية ورتبته على مقدمة وثلث مقالات وخاتمة ..." [Sharḥ al-Risālah al-shamsīyah] " الحمد لله الذي جعل ترتيب امورنا المعلومة مؤديا الى جهلنا وكان ظاهرا ... وبعد فيقول الضعيف الضفيف عند الله الغني السيد محمد نورى الصوفيه وى لما كانت الرسالة الشمسية متداولة بين الامثال وكانت رموزاتها محتاجة الى بيان الامثال علقت النظر اليها وجعلتها معربة بالحركات وبينت مراجع ضمائرها بوضع الاشارات وبرزت عيون عطوفها بورع العينيات ورمزت تعلقاتها بميم المتعلقات وكتبت تحت جيمها وبائها او فوقهما المثلات ...قال المص رحمه الله الحمد لله الذي ابدع ..."</subfield></datafield><datafield tag="500" ind1=" " ind2=" "><subfield code="a">Title supplied by cataloguer.</subfield></datafield><datafield tag="500" ind1=" " ind2=" "><subfield code="a">Ms. codex.</subfield></datafield><datafield tag="510" ind1="4" ind2=" "><subfield code="a">Brockelmann, C. GAL,</subfield><subfield code="c">I, 466 ; S I, 845</subfield></datafield><datafield tag="520" ind1="8" ind2=" "><subfield code="a">Exquisite copy of the treatise on logic by al-Kātibī al-Qazwīnī (d. 675/1276?), fully vocalized and supplied with a gloss (marginal and interlinear) of the copyist's own composition. Three taqrīẓs (taqārīẓ) are included following the colophon.</subfield></datafield><datafield tag="538" ind1=" " ind2=" "><subfield code="a">Mode of access: Internet.</subfield></datafield><datafield tag="541" ind1=" " ind2=" "><subfield code="c">Purchase ;</subfield><subfield code="a">Acquired by purchase (funds donated by Horace Rackham).</subfield><subfield code="d">1924.</subfield></datafield><datafield tag="546" ind1=" " ind2=" "><subfield code="a">Arabic.</subfield></datafield><datafield tag="561" ind1=" " ind2=" "><subfield code="a">Possible former inventory marks include inscription in pencil, front flyleaf "523 T. De M [i.e. Tammaro De Marinis]" and on fol.1a "90" ; on fol.1a ownership statement in black ink in name of one Şehri [?] Emin Efendizade Mehmet Reşat ( شهرى امين افندى زاده سيد محمد رشاد ) dated 21 Jumādá II 1304 [ca. 17 March 1887], reads "استصحبه الفقير الى الله تعالى الغني القدير شهرى [؟] امين افندى زاده سيد محمد رشاد ... ۲۱ ج سنة ١٣٠٤" accompanied by oval seal impression "السيد محمد رشاد" (compare statement in Isl. Ms. 411).</subfield></datafield><datafield tag="600" ind1="1" ind2="0"><subfield code="a">Qazwīnī, ʻAlī ibn ʻUmar,</subfield><subfield code="d">1203 or 4-1276 or 7.</subfield><subfield code="t">Risālah al-shamsīyah.</subfield></datafield><datafield tag="650" ind1=" " ind2="0"><subfield code="a">Manuscripts, Arabic</subfield><subfield code="z">Michigan</subfield><subfield code="z">Ann Arbor.</subfield></datafield><datafield tag="650" ind1=" " ind2="0"><subfield code="a">Islam</subfield><subfield code="x">Doctrines</subfield><subfield code="v">Early works to 1800.</subfield></datafield><datafield tag="650" ind1=" " ind2="0"><subfield code="a">Logic, medieval</subfield><subfield code="v">Early works to 1800.</subfield></datafield><datafield tag="655" ind1=" " ind2="7"><subfield code="a">Headpieces (layout features)</subfield><subfield code="y">19th century.</subfield><subfield code="2">aat</subfield></datafield><datafield tag="700" ind1="0" ind2=" "><subfield code="a">Abdülhamid</subfield><subfield code="b">II,</subfield><subfield code="c">Sultan of the Turks,</subfield><subfield code="d">1842-1918,</subfield><subfield code="e">former owner.</subfield></datafield><datafield tag="700" ind1="0" ind2=" "><subfield code="6">880-07</subfield><subfield code="a">Şehri Emin Efendizade Mehmet Reşat,</subfield><subfield code="d">flourished 1893,</subfield><subfield code="e">former owner.</subfield></datafield><datafield tag="700" ind1="0" ind2="2"><subfield code="6">880-05</subfield><subfield code="a">Mehmet Nuri Niyazi,</subfield><subfield code="d">active 1876,</subfield><subfield code="e">scribe.</subfield></datafield><datafield tag="700" ind1="0" ind2="2"><subfield code="6">880-04</subfield><subfield code="a">Mehmet Nuri Niyazi,</subfield><subfield code="d">active 1876.</subfield><subfield code="t">Sharḥ al-Risālah al-shamsīyah.</subfield></datafield><datafield tag="773" ind1="0" ind2=" "><subfield code="a">Abdul Hamid Collection.</subfield></datafield><datafield tag="880" ind1="0" ind2=" "><subfield code="6">700-07/</subfield><subfield code="a">شهرى امين افندى زاده محمد رشاد،</subfield><subfield code="e">مالك سابق.</subfield></datafield><datafield tag="880" ind1="0" ind2="2"><subfield code="6">700-05/</subfield><subfield code="a">محمد نورى نيازى،</subfield><subfield code="e">ناسخ.</subfield></datafield><datafield tag="880" ind1="0" ind2="2"><subfield code="6">700-04/</subfield><subfield code="a">محمد نورى نيازى.</subfield><subfield code="t">شرح الرسالة الشمسية.</subfield></datafield><datafield tag="880" ind1="1" ind2="2"><subfield code="6">245-02/</subfield><subfield code="a">[الرسالة الشمسية في قواعد المنطقية مع شرحها,</subfield><subfield code="f">1293ه, 1876م].</subfield></datafield><datafield tag="880" ind1="1" ind2=" "><subfield code="6">100-01/</subfield><subfield code="a">قزويني، علي بن عمر.</subfield></datafield><datafield tag="CID" ind1=" " ind2=" "><subfield code="a">006795353</subfield></datafield><datafield tag="DAT" ind1="0" ind2=" "><subfield code="a">20190719102636.0</subfield><subfield code="b">20190719000000.0</subfield></datafield><datafield tag="DAT" ind1="1" ind2=" "><subfield code="a">20190719090653.0</subfield><subfield code="b">2019-07-19T16:11:17Z</subfield></datafield><datafield tag="DAT" ind1="2" ind2=" "><subfield code="a">2015-10-10T18:00:06Z</subfield><subfield code="b">2014-02-13T21:00:03Z</subfield></datafield><datafield tag="CAT" ind1=" " ind2=" "><subfield code="a">SDR-MIU</subfield><subfield code="d">EX LIBRIS - ALEPH</subfield><subfield code="l">prepare.pl-004-008</subfield></datafield><datafield tag="FMT" ind1=" " ind2=" "><subfield code="a">BK</subfield></datafield><datafield tag="HOL" ind1=" " ind2=" "><subfield code="0">sdr-miu006795353</subfield><subfield code="a">MiU</subfield><subfield code="b">SDR</subfield><subfield code="c">MIU</subfield><subfield code="p">mdp.39015079126242</subfield><subfield code="s">MIU</subfield><subfield code="1">006795353</subfield></datafield><datafield tag="974" ind1=" " ind2=" "><subfield code="b">MIU</subfield><subfield code="c">MIU</subfield><subfield code="d">20190719</subfield><subfield code="s">lit-dlps-dc</subfield><subfield code="u">mdp.39015079126242</subfield><subfield code="y">1876</subfield><subfield code="r">pd</subfield><subfield code="q">exp</subfield></datafield></record></collection>